<collection xmlns="http://www.loc.gov/MARC21/slim">
<record>
  <leader>01867nam0a22002651i 450 </leader>
  <controlfield tag="001">IT\ICCU\CNCE\052116</controlfield>
  <controlfield tag="005">20010622000000.0</controlfield>
  <datafield tag="012" ind1=" " ind2=" ">
    <subfield code="a">*6.4 0707 t.no igti (3) 1520 (A)</subfield>
    <subfield code="2">fei</subfield>
  </datafield>
  <datafield tag="100" ind1=" " ind2=" ">
    <subfield code="a">20010622d1520        0itac0103    ba</subfield>
  </datafield>
  <datafield tag="101" ind1=" " ind2=" ">
    <subfield code="a">LAT</subfield>
  </datafield>
  <datafield tag="102" ind1=" " ind2=" ">
    <subfield code="a">IT</subfield>
  </datafield>
  <datafield tag="200" ind1="1" ind2=" ">
    <subfield code="a">Super afforismis cum tabula / Iacobus de Forliuio. Hyppocratis medicine inuentoris afforismi: antea corrupti atque inuersi: nunc vero castigati ac in rectiorem ordinem dispositi: duplicisque translatione: antiqua veter et noua Theodori Gance decorati ...Adiecta etiam nunc primum nouissima Laurentiani et Leoniceni septem particulas elegantissime versione ... Adiunctis insuper nouiter in calce totius voluminis tredecim afforismis cum Galeni commentaris secundum duplicem Laurentiani et Leoniceni traductione ... Que omnia ex collatione multorum exemplarium nouissime affatim fuere recognita: omnibusque erroribus mendis expurgata ...</subfield>
  </datafield>
  <datafield tag="210" ind1=" " ind2=" ">
    <subfield code="e">Venetiis</subfield>
    <subfield code="g">mandato et expensis nobilis viri domini Luceantonii de Giunta Florentini</subfield>
    <subfield code="h">1520 die 28 mensis Decembris</subfield>
  </datafield>
  <datafield tag="215" ind1=" " ind2=" ">
    <subfield code="a">\10!, 195, \2! c.</subfield>
    <subfield code="d">2o</subfield>
  </datafield>
  <datafield tag="300" ind1=" " ind2=" ">
    <subfield code="a">((Il nome dell&apos;A. precede il tit. - Marca tip. di Giunta (Z616) al colophon. - Segn.: \croce!10 a-z8 \CON!6. - Iniziali xil</subfield>
  </datafield>
  <datafield tag="620" ind1=" " ind2=" ">
    <subfield code="a">IT</subfield>
    <subfield code="d">Venezia</subfield>
  </datafield>
  <datafield tag="700" ind1=" " ind2="1">
    <subfield code="a">Della_Torre,</subfield>
    <subfield code="b">Giacomo</subfield>
    <subfield code="3">IT\ICCU\CNCA\004718</subfield>
  </datafield>
  <datafield tag="712" ind1="0" ind2="0">
    <subfield code="a">Giunta, Lucantonio</subfield>
    <subfield code="c"> &lt;1.&gt; - eredi</subfield>
    <subfield code="3">IT\ICCU\CNCT\000312</subfield>
    <subfield code="4">650</subfield>
  </datafield>
  <datafield tag="712" ind1="0" ind2="2">
    <subfield code="a">Tipografo non identificato</subfield>
    <subfield code="3">IT\ICCU\CNCT\003341</subfield>
    <subfield code="4">650</subfield>
  </datafield>
  <datafield tag="790" ind1=" " ind2="1">
    <subfield code="a">Torre,</subfield>
    <subfield code="b">Giacomo : della</subfield>
    <subfield code="3">IT\ICCU\CNCA\004720</subfield>
    <subfield code="z">Della_Torre, Giacomo</subfield>
  </datafield>
  <datafield tag="790" ind1=" " ind2="0">
    <subfield code="a">Jacopo</subfield>
    <subfield code="c"> : da#Forl</subfield>
    <subfield code="3">IT\ICCU\CNCA\014135</subfield>
    <subfield code="z">Della_Torre, Giacomo</subfield>
  </datafield>
  <datafield tag="790" ind1=" " ind2="0">
    <subfield code="a">Iacobus</subfield>
    <subfield code="c"> : Foroliviensis</subfield>
    <subfield code="3">IT\ICCU\CNCA\014489</subfield>
    <subfield code="z">Della_Torre, Giacomo</subfield>
  </datafield>
  <datafield tag="790" ind1=" " ind2="1">
    <subfield code="a">Dalla_Torre,</subfield>
    <subfield code="b">Giacomo</subfield>
    <subfield code="3">IT\ICCU\CNCA\022137</subfield>
    <subfield code="z">Della_Torre, Giacomo</subfield>
  </datafield>
  <datafield tag="801" ind1=" " ind2="3">
    <subfield code="a">IT</subfield>
    <subfield code="b">ICCU</subfield>
    <subfield code="c">20201115</subfield>
  </datafield>
  <datafield tag="899" ind1=" " ind2=" ">
    <subfield code="a">Biblioteca provinciale Nicola Bernardini. Lecce</subfield>
    <subfield code="1">LE0098</subfield>
    <subfield code="2">LEK LE</subfield>
  </datafield>
</record>
</collection>
